@online{dropbox:zxcv,
    author = {Daniel Lowe Wheeler},
    title = {USENIX Security '16 - zxcvbn: Low-Budget Password Strength Estimation},
    date = {2016-08-10},
    url = {https://www.usenix.org/conference/usenixsecurity16/technical-sessions/presentation/wheeler},
    urldate = {2018-04-26},
}

@online{google:md,
    author = {{ Google Inc. }},
    title = {Introduction – Material Design},
    date = {2017-09},
    url = {https://material.io/guidelines/},
    urldate = {2018-04-27},
}

@online{google:mdUsability,
    author = {{ Google Inc. }},
    title = {Usability – Accessibility – Material Design},
    date = {2017-09},
    url = {https://material.io/guidelines/usability/accessibility.html},
    urldate = {2018-05-02},
}

@online{codemirror:docs,
    title = {CodeMirror},
    url = {https://codemirror.net},
    urldate = {2018-04-27},
}

@online{i8next:docs,
    title = {Introduction – i18next documentation},
    author = {Jan Mühlemann},
    date = {2018-04},
    url = {https://www.i18next.com},
    urldate = {2018-04-30}
}