@online{algoritmy:first,
    author = {Guillaume Laforge},
    title = {Algorithms for collaborative editing},
    date = {2012-07-06},
    url = {http://glaforge.appspot.com/article/algorithms-for-collaborative-editing},
    urldate = {2018-04-06}
}

@conference{ds:neil_video,
    author = {Neil Fraser},
    title = {Google Tech Talks - Differential Synchronization},
    organization = {Google},
    date = {2009-01-08},
    url = {https://www.youtube.com/watch?v=S2Hp_1jqpY8},
    urldate = {2018-04-07}
}

@online{ds:neil_paper,
    author = {Neil Fraser},
    title = {Differential Synchronization},
    date = {2009-01},
    url = {https://neil.fraser.name/writing/sync/},
    urldate = {2018-04-07}
}

@online{ds:myers_diff,
    author = {Neil Fraser},
    title = {Home - google/diff-match-patch Wiki},
    date = {2013-02},
    url = {https://github.com/google/diff-match-patch/wiki},
    urldate = {2018-04-07}
}
