@online{wave:google,
    author = {David Wang and Alex Mah},
    title = {Google Wave Operational Transformation Whitepaper},
    year = {2009},
    url = {https://web.archive.org/web/20100108095720/http://www.waveprotocol.org:80/whitepapers/operational-transform},
    urldate = {2018-04-05}
}

@online{wave:apache,
    author = {{ The Apache Software Foundation }},
    title = {Wave Project Incubation Status},
    year = {2018},
    url = {http://incubator.apache.org/projects/wave.html},
    urldate = {2018-04-05}
}

@article{docs:top10,
    title = {The Best Word Processing Software},
    journal = {Top Ten Reviews},
    year = {2018},
    url = {http://www.toptenreviews.com/business/software/best-word-processing-software/},
    urldate = {2018-04-05}
}

@online{docs:conflict,
    author = {{ Google Inc. }},
    title = {Google Apps Realtime - Conflict Resolution and Grouping Changes},
    date = {2016-12-06},
    url = {https://developers.google.com/google-apps/realtime/conflict-resolution},
    urldate = {2018-04-05}
}

@online{docs:appsConf,
    author = {Brian Cairns and Cheryl Simon},
    title = {Google I/O 2013 - The Secrets of the Drive Realtime API},
    date = {2013-05},
    url = {https://www.youtube.com/watch?v=hv14PTbkIs0},
    urldate = {2018-04-05}
}

@online{etherpad:plugins,
    title = {Available Etherpad plugins},
    url = {https://static.etherpad.org/plugins.html},
    urldate = {2018-04-05}
}

@online{etherpad:acquired,
    author = {{ AppJet and the Google PR Team }},
    title = {Google Acquires AppJet},
    date = {2009-12-04},
    url = {https://web.archive.org/web/20091206200422/http://etherpad.com/ep/blog/posts/google-acquires-appjet},
    urldate = {2018-04-05}
}

@online{etherpad:openSource,
    author = {{ AppJet and the Google PR Team }},
    title = {EtherPad Open Source Release},
    date = {2009-12-17},
    url = {https://web.archive.org/web/20091221023828/http://etherpad.com/ep/blog/posts/etherpad-open-source-release},
    urldate = {2018-04-05}
}

@online{etherpad:easySync,
    author = {{ AppJet, Inc., with modifications by the Etherpad Foundation }},
    title = {Etherpad and EasySync Technical Manual},
    date = {2011-03-26},
    url = {https://raw.githubusercontent.com/ether/etherpad-lite/master/doc/easysync/easysync-full-description.pdf},
    urldate = {2018-04-05}
}

@online{etherpad:newgithub,
    title = {Etherpad: Really real-time collaborative document editing},
    publisher = {GitHub},
    journal = {GitHub repository},
    year = {2018},
    url = {https://github.com/ether/etherpad-lite},
    urldate = {2018-04-05}
}

@online{codeshare:home,
    author = {Lee Munroe and Tejesh Mehta},
    title = {Share Code in Real-time with Developers},
    year = {2018},
    url = {https://codeshare.io},
    urldate = {2018-04-05}
}

@online{codeshare:created,
    author = {Lee Munroe},
    title = {My First Node.js App: CodeShare.io},
    date = {2013-04},
    url = {https://www.leemunroe.com/codeshare/},
    urldate = {2018-04-05}
}
