@article{pushpull:about,
    author = {John Spacey},
    title = {Pull vs Push Technology},
    journal = {Simplicable},
    date = {2017-03-03},
    url = {https://simplicable.com/new/pull-vs-push-technology},
    urldate = {2018-04-06}
}

@article{pushpull:compare,
    author = {Pavel Salvet},
    title = {Komunikace v reálném čase díky Server-Sent Events a Web Sockets},
    journal = {Interval},
    date = {2015-03-11},
    url = {https://www.interval.cz/clanky/komunikace-v-realnem-case-diky-server-sent-events-a-web-sockets/},
    urldate = {2018-04-06},
}

@TechReport{pushpull:issuesRFC,
    author = {S. Loreto and others},
    title = {Known Issues and Best Practices for the Use of Long Polling and Streaming in Bidirectional HTTP},
    date = {2011-04},
    type = {Request for Comments},
    number = {RFC 6202},
    institution = {IETF},
    url = {https://tools.ietf.org/html/rfc6202},
    urldate = {2018-04-06}
}

@TechReport{pushpull:events,
    editor = {Ian Hickson},
    title = {Server-Sent Events},
    date = {2015-02-03},
    type = {{W3C} Recommendation},
    institution = {W3C},
    url = {https://www.w3.org/TR/2015/REC-eventsource-20150203/},
    urldate = {2018-04-06}
}

@online{pushpull:websocketQuantum,
    author = {Peter Lubbers and Frank Greco and {Kaazing Corporation}},
    title = {HTML5 WebSocket: A Quantum Leap in Scalability for the Web},
    url = {http://www.websocket.org/quantum.html},
    urldate = {2018-04-06}
}
