@online{mozzila:html5,
    author = {Mozilla and { individual contributors }},
    title = {HTML5},
    date = {2018-01},
    url = {https://developer.mozilla.org/en-US/docs/Web/Guide/HTML/HTML5},
    urldate = {2018-04-04}
}

@TechReport{html:autor,
    author = {Robin Berjon and Erika Doyle Navara and Travis Leithead and Silvia Pfeiffer and Ian Hickson and Theresa O\'Connor and Steve Faulkner},
    title = {Hypertext Markup Language (HTML) A Representation of Textual Information and MetaInformation for Retrieval and Interchange},
    year = {1993-06},
    type = {Internet Draft},
    institution = {IIIR Working Group (IETF)},
    url = {https://www.w3.org/MarkUp/draft-ietf-iiir-html-01.txt},
    urldate = {2018-04-04}
}

@TechReport{w3c:html5,
    author = {Robin Berjon and Erika Doyle Navara and Travis Leithead and Silvia Pfeiffer and Ian Hickson and Theresa O'Connor and Steve Faulkner},
    title = {{HTML5}},
    date = {2014-10-28},
    type = {{W3C} Recommendation},
    institution = {W3C},
    url = {http://www.w3.org/TR/2014/REC-html5-20141028/},
    urldate = {2018-04-04}
}

@TechReport{w3c:html32,
    author = {Dave Raggett},
    title = {{HTML} 3.2 Reference Specification},
    date = {1997-01-14},
    type = {{W3C} Recommendation},
    institution = {W3C},
    url = {https://www.w3.org/TR/2018/SPSD-html32-20180315/},
    urldate = {2018-04-04}
}

@TechReport{w3c:html52,
    author = {Travis Leithead and Arron Eicholz and Sangwhan Moon and Alex Danilo and Steve Faulkner},
    title = {{HTML} 5.2},
    date = {2017-12-14},
    type = {{W3C} Recommendation},
    institution = {W3C},
    url = {https://www.w3.org/TR/2017/REC-html52-20171214/},
    urldate = {2018-04-04}
}

@online{mozzila:javascript,
    author = {Mozilla and { individual contributors }},
    title = {A re-introduction to JavaScript (JS tutorial)},
    date = {2018-02},
    url = {https://developer.mozilla.org/en-US/docs/Web/JavaScript/A_re-introduction_to_JavaScript},
    urldate = {2018-04-04}
}

@online{mozzila:javascriptVerisions,
    author = {Mozilla and { individual contributors }},
    title = {JavaScript language resources},
    date = {2018-02},
    url = {https://developer.mozilla.org/en-US/docs/Web/JavaScript/Language_Resources},
    urldate = {2018-04-04}
}

@TechReport{ecma:ecmascript1,
    title = {{ECMAScript}: A general purpose, cross-platform programming language},
    date = {1997-06},
    type = {{ECMA} Standard},
    number = {Standard {ECMA-262}},
    institution = {ECMA},
    url = {http://www.ecma-international.org/publications/files/ECMA-ST-ARCH/ECMA-262,%201st%20edition,%20June%201997.pdf},
    urldate = {2018-04-04}
}

@online{node:about,
    author = {{Node.js Foundation}},
    title = {About Node.jsÂ®},
    year = {2018},
    url = {https://nodejs.org/en/about/},
    urldate = {2018-04-04}
}

@online{node:es6,
    author = {{Node.js Foundation}},
    title = {ECMAScript 2015 (ES6) and beyond},
    year = {2018},
    url = {https://nodejs.org/en/docs/es6/},
    urldate = {2018-04-04}
}

@article{node:article2013,
    author = {Lauren Orsini},
    title = {What You Need To Know About Node.js},
    journal = {Readwrite},
    date = {2013-11-07},
    url = {https://readwrite.com/2013/11/07/what-you-need-to-know-about-nodejs/},
    urldate = {2018-04-04}
}

@online{react:about,
    author = {{Facebook Inc.}},
    title = {A JavaScript library for building user interfaces},
    year = {2018},
    url= {https://reactjs.org},
    urldate = {2018-04-05}
}

@online{react:author,
    author = {Bill Fisher},
    title = {How was the idea to develop React conceived and how many people worked on developing it and implementing it at Facebook?},
    date = {2015-02-11},
    url= {https://www.quora.com/How-was-the-idea-to-develop-React-conceived-and-how-many-people-worked-on-developing-it-and-implementing-it-at-Facebook},
    urldate = {2018-04-05}
}

@online{react:redux,
    author = {Community},
    title = {Read Me},
    date = {2018-04-02},
    url= {https://redux.js.org},
    urldate = {2018-04-05}
}

@online{mongo:about,
     author = {{MongoDB, Inc.}},
     title = {MongoDB and MySQL Compared},
     year = {2018},
     url = {https://www.mongodb.com/compare/mongodb-mysql},
     urldate = {2018-04-05}
}

@article{mongo:speed,
    author = {Claudius Weinberger},
    title = {NoSQL Performance Benchmark 2018: MongoDB, PostgreSQL, OrientDB, Neo4j and ArangoDB},
    journal = {Performance Zone},
    date = {2018-02-20},
    url = {https://dzone.com/articles/nosql-performance-benchmark-2018-mongodb-postgresq},
    urldate = {2018-04-05}
}

@online{mongo:popularity,
    author = {{Stack Exchange Inc}},
    title = {Stack Overflow Developer Survey 2018},
    date = {2018},
    url = {https://insights.stackoverflow.com/survey/2018/#technology-databases},
    urldate = {2018-04-05}
}