@book{book:userTesting,
    author = {Steve Krug},
    title = {Donâ€™t Make Me Think! A Common Sense Approach to Web Usability},
    edition = {2},
    publisher = {New Riders Publishing},
    address = {Berkeley, California USA},
    year = 2006,
    isbn = {0321344758}
}