
@book{gof:patterns,
    author    = {Erich Gamma and others},
    title     = {Design Patterns: Elements of Reusable Object-Oriented Software},
    publisher = {Addison-Wesley Professional},
    year      = 1994,
    isbn      = {978-0201633610}
}